
@article{Goeddeke:Energy-efficiency-PDEs,
 title = "Energy efficiency vs. performance of the numerical solution of PDEs: An application study on a low-power ARM-based cluster",
 journal = "Journal of Computational Physics ",
 volume = "237",
 number = "",
 pages = "132 - 150",
 year = "2013",
 note = "",
 issn = "0021-9991",
 doi = "http://dx.doi.org/10.1016/j.jcp.2012.11.031",
 url = "http://www.sciencedirect.com/science/article/pii/S0021999112007115",
 author = "G{\"{o}}ddeke, D. and Komatitsch, D. and Geveler, M. and Ribbrock, D. and Rajovic, N. and Puzovic, N. and Ramirez, A.",
}

@inproceedings{Rajovic:Supercomputing-commodity-CPUs,
 author = {Rajovic, N. and Carpenter, P.~M. and Gelado, I. and Puzovic, N. and Ramirez, A. and Valero, M.},
 title = {Supercomputing with Commodity CPUs: Are Mobile SoCs Ready for HPC?},
 booktitle = {Proceedings of the International Conference on High Performance Computing, Networking, Storage and Analysis},
 series = {SC '13},
 year = {2013},
 isbn = {978-1-4503-2378-9},
 location = {Denver, Colorado},
 pages = {40:1--40:12},
 articleno = {40},
 numpages = {12},
 url = {http://doi.acm.org/10.1145/2503210.2503281},
 doi = {10.1145/2503210.2503281},
 acmid = {2503281},
 publisher = {ACM},
 address = {New York, NY, USA},
} 


@article{Rajovic:Low-Power-Architecture,
title = "The Low Power Architecture Approach towards Exascale Computing",
journal = "Journal of Computational Science ",
volume = "4",
number = "6",
pages = "439 - 443",
year = "2013",
note = "Scalable Algorithms for Large-Scale Systems Workshop (ScalA2011), Supercomputing 2011 ",
issn = "1877-7503",
doi = "http://dx.doi.org/10.1016/j.jocs.2013.01.002",
url = "http://www.sciencedirect.com/science/article/pii/S1877750313000148",
author = "Rajovic, N. and Vilanova, L. and Villavieja, C. and Puzovic, N. and Ramirez, A.",
}